@article{bezzel,
  title={Proposal of 8-queens problem},
  author={Alex Krizhevsky},
  journal={Berliner Schachzeitung},
  volume={3},
  number={363},
  pages={1848},
  year={1848}
}

@article{nauck,
  title={Briefwechseln mit allen f{\"u}r alle},
  author={Nauck, Franz},
  journal={Illustrirte Zeitung},
  volume={15},
  number={377},
  pages={182},
  year={1850}
}

@article{moore,
    title={Fundamental Limits to Moore's Law},
    author={Kumar, Suhas},
    year={2012},
}

@article{hoffman,
author = {E. J. Hoffman and J. C. Loessi and R. C. Moore},
title = {Constructions for the Solution of the m Queens Problem},
journal = {Mathematics Magazine},
volume = {42},
number = {2},
pages = {66-72},
year  = {1969},
publisher = {Taylor & Francis},
doi = {10.1080/0025570X.1969.11975924},
URL = { 
        https://doi.org/10.1080/0025570X.1969.11975924
    },
eprint = { 
        https://doi.org/10.1080/0025570X.1969.11975924
    }
}

@book{dijstra,
  title={A short introduction to the art of programming},
  author={Dijkstra, Edsger Wybe},
  volume={4},
  year={1971},
  publisher={Technische Hogeschool Eindhoven Eindhoven}
}

@article{golomb,
  title={Backtrack programming},
  author={Golomb, Solomon W and Baumert, Leonard D},
  journal={Journal of the ACM (JACM)},
  volume={12},
  number={4},
  pages={516--524},
  year={1965},
  publisher={ACM New York, NY, USA}
}

@book{ahrens,
  title={Mathematische unterhaltungen und spiele},
  author={Ahrens, Wilhelm},
  volume={2},
  year={1918},
  publisher={BG Teubner}
}

@article{nadel1990representation,
  title={Representation selection for constraint satisfaction: A case study using n-queens},
  author={Nadel, Bernard A},
  journal={IEEE Intelligent Systems},
  volume={5},
  number={03},
  pages={16--23},
  year={1990},
  publisher={IEEE Computer Society}
}

@inproceedings{swarm,
  title={Swarm intelligence for permutation optimization: a case study of n-queens problem},
  author={Hu, Xiaohui and Eberhart, Russell C and Shi, Yuhui},
  booktitle={Proceedings of the 2003 IEEE Swarm Intelligence Symposium. SIS'03 (Cat. No. 03EX706)},
  pages={243--246},
  year={2003},
  organization={IEEE}
}

@article{nadel1989constraint,
  title={Constraint satisfaction algorithms 1},
  author={Nadel, Bernard A},
  journal={Computational Intelligence},
  volume={5},
  number={3},
  pages={188--224},
  year={1989},
  publisher={Wiley Online Library}
}
@article{sosic1990polynomial,
  title={A polynomial time algorithm for the n-queens problem},
  author={Sosic, Rok and Gu, Jun},
  journal={ACM SIGART Bulletin},
  volume={1},
  number={3},
  pages={7--11},
  year={1990},
  publisher={ACM New York, NY, USA}
}

@article{li2003clustalw,
  title={ClustalW-MPI: ClustalW analysis using distributed and parallel computing},
  author={Li, Kuo-Bin},
  journal={Bioinformatics},
  volume={19},
  number={12},
  pages={1585--1586},
  year={2003},
  publisher={Oxford University Press}
}

@misc{top500, 
    title={Top500}, 
    url={https://www.top500.org/}}

@misc{top500fug,
    title={Top500 supercomputer Fugaku},
    url={https://www.top500.org/system/179807/},
    year={2021}
}

@inproceedings{erbas1993circulant,
  title={A circulant matrix based approach to storage schemes for parallel memory systems},
  author={Erbas, Cengiz and Tanik, Murat M and Nair, VSS},
  booktitle={Proceedings of 1993 5th IEEE Symposium on Parallel and Distributed Processing},
  pages={92--99},
  year={1993},
  organization={IEEE}
}

@book{tanik1978graph,
  title={A graph model for deadlock prevention.},
  author={Tanik, Murat Mehmet},
  year={1978},
  publisher={Texas A\&M University}
}

@misc{wang2006fast,
  title={Fast motion estimation using N-queen pixel decimation},
  author={Wang, Chung-Neng and Yang, Shin-Wei and Liu, Chi-Min and Chiang, Tihao},
  year={2006},
  month=apr # "~11",
  publisher={Google Patents},
  note={US Patent 7,027,511}
}

@article{Silver,
    author = {Silver, Rollo and Wells, Mark and Wu, Shaun-Inn and Hug, Margaret},
    title = {A Concurrent N ≤ 8 Queens' Algorithm Using Modcap},
    year = {1986},
    issue_date = {September 1986},
    publisher = {Association for Computing Machinery},
    address = {New York, NY, USA},
    volume = {21},
    number = {9},
    issn = {0362-1340},
    url = {https://doi.org/10.1145/885694.885703},
    doi = {10.1145/885694.885703},
    journal = {SIGPLAN Not.},
    month = sep,
    pages = {63–76},
    numpages = {14}
}

@article{kenji,
    author = {Kenji Kise and Takahiro Katagiri and Hiroki Honda and Toshitsugu Y},
    title = {Solving the 24-queens Problem using MPI on a PC Cluster},
    year = {2004},
    url = {https://citeseerx.ist.psu.edu/viewdoc/download?doi=10.1.1.109.4098&rep=rep1&type=pdf}
}

@article{caromel,
  title={ProActive: an integrated platform for programming and running applications on grids and P2P systems},
  author={Caromel, Denis and Delb{\'e}, Christian and Di Costanzo, Alexandre and Leyton, Mario},
  journal={Computational Methods in Science and Technology},
  volume={12},
  pages={issue--1},
  year={2006}
}

@article{thomas,
author = {Preußer, Thomas and Nägel, Bernd and Spallek, Rainer},
year = {2021},
month = {10},
pages = {},
title = {Putting queens in carry chains}
}

@book{snir1998mpi,
  title={MPI--the Complete Reference: the MPI core},
  author={Snir, Marc and Gropp, William and Otto, Steve and Huss-Lederman, Steven and Dongarra, Jack and Walker, David},
  volume={1},
  year={1998},
  publisher={MIT press}
}

@article{gropp1996high,
  title={A high-performance, portable implementation of the MPI message passing interface standard},
  author={Gropp, William and Lusk, Ewing and Doss, Nathan and Skjellum, Anthony},
  journal={Parallel computing},
  volume={22},
  number={6},
  pages={789--828},
  year={1996},
  publisher={Elsevier}
}

@book{chandra2001parallel,
  title={Parallel programming in OpenMP},
  author={Chandra, Rohit and Dagum, Leo and Kohr, David and Menon, Ramesh and Maydan, Dror and McDonald, Jeff},
  year={2001},
  publisher={Morgan kaufmann}
}

@book{ben2006principles,
  title={Principles of concurrent and distributed programming},
  author={Ben-Ari, Mordechai and Ben-Ar{\^\i}, M{\^o}t{\^\i}},
  year={2006},
  publisher={Pearson Education}
}

@misc{gropp1996user,
  title={User’s Guide for mpich, a Portable Implementation of MPI},
  author={Gropp, William and Lusk, Ewing},
  year={1996},
  publisher={Citeseer}
}

@article{young2016openmp,
  title={OpenMP Fortran and C programs for solving the time-dependent Gross--Pitaevskii equation in an anisotropic trap},
  author={Young-S, Luis E and Vudragovi{\'c}, Du{\v{s}}an and Muruganandam, Paulsamy and Adhikari, Sadhan K and Bala{\v{z}}, Antun},
  journal={Computer Physics Communications},
  volume={204},
  pages={209--213},
  year={2016},
  publisher={Elsevier}
}

@article{cary1997comparison,
  title={Comparison of C++ and Fortran 90 for object-oriented scientific programming},
  author={Cary, John R and Shasharina, Svetlana G and Cummings, Julian C and Reynders, John VW and Hinker, Paul J},
  journal={Computer Physics Communications},
  volume={105},
  number={1},
  pages={20--36},
  year={1997},
  publisher={Elsevier}
}

@incollection{stroustrup1996history,
  title={A history of C++ 1979--1991},
  author={Stroustrup, Bjarne},
  booktitle={History of programming languages---II},
  pages={699--769},
  year={1996}
}